% Eigene OC-Trust-Publikationen
@INPROCEEDINGS{Anders2014,
  author = {Gerrit Anders and
            Alexander Schiendorfer and
            Jan-Philipp Steghöfer and
            Wolfgang Reif},
  title = {{Robust Scheduling in a Self-Organizing Hierarchy of Autonomous Virtual Power Plants}},
  editor = {Walter Stechele and
            Thomas Wild},            
  booktitle={Proc. 2\textsuperscript{nd} Int. Wsh. Self-optimisation in Organic and Autonomic Computing Systems (SAOS'14)}, 
  year = {2014},
  pages = {1-8},
}

@article{Anders-TAAS-2015,
 author = {Gerrit Anders and Alexander Schiendorfer and Florian Siefert and Jan-Philipp Steghöfer and Wolfgang Reif},
 title = {{Cooperative Resource Allocation in Open Systems of Systems}},
 journal = {ACM Trans. Auton. Adapt. Syst.},
 year = {2015},
 publisher = {ACM},
 address = {New York, NY, USA}
} 

@INPROCEEDINGS{SchiendorferSyn2014, 
author={Alexander Schiendorfer and Jan-Philipp Stegh{\"o}fer and Wolfgang Reif}, 
booktitle={Proc. 3\textsuperscript{rd} Int. Wsh. Smart Energy Networks \& Multi-Agent Systems (SEN-MAS'14)}, 
title={{Synthesised Constraint Models for Distributed Energy Management}}, 
year={2014},
pages = {1529 - 1538}
}

@INPROCEEDINGS{Schiendorfer2014,
  author = {Alexander Schiendorfer and
            Jan-Philipp Steghöfer and
            Wolfgang Reif},
  title = {{Synthesis and Abstraction of Constraint Models for Hierarchical Resource Allocation Problems}},
  booktitle  = {Proc.\ 6\textsuperscript{th} Int. Conf.
                Agents and Artificial Intelligence (ICAART'14), Vol. 2},
  novolume = {2},
  pages = {15-27},
  publisher = {SciTePress},
  nomonth = {March},
  year = {2014},
}

% Resource allocation

@Article{VanZandt1995,
  author={Van Zandt, Timothy},
  title={{Hierarchical Computation of the Resource Allocation Problem}},
  journal={European Economic Review},
  year=1995,
  volume={39},
  number={3-4},
  pages={700-708},
  month={April}
}
